@article{2-opt,
author = {Johnson, David and A. McGeoch, Lyle},
year = {1997},
month = {01},
pages = {},
title = {The Traveling Salesman Problem: A Case Study in Local Optimization},
volume = {1},
journal = {Local Search in Combinatorial Optimization}
}

@inproceedings{DBLP:conf/esec/Zeller99,
  author    = {Andreas Zeller},
  title     = {Yesterday, My Program Worked. Today, It Does Not. Why?},
  booktitle = {Software Engineering - ESEC/FSE'99, 7th European Software Engineering
               Conference, Held Jointly with the 7th {ACM} {SIGSOFT} Symposium on
               the Foundations of Software Engineering, Toulouse, France, September
               1999, Proceedings},
  pages     = {253--267},
  year      = {1999},
  url       = {https://doi.org/10.1007/3-540-48166-4\_16},
  doi       = {10.1007/3-540-48166-4\_16},
  timestamp = {Tue, 14 May 2019 10:00:44 +0200},
  biburl    = {https://dblp.org/rec/bib/conf/esec/Zeller99},
  bibsource = {dblp computer science bibliography, https://dblp.org}
}

@inproceedings{relative-debugging,
  author    = {Luiz De Rose and
               Andrew Gontarek and
               Aaron Vose and
               Robert Moench and
               David Abramson and
               Minh Ngoc Dinh and
               Chao Jin},
  title     = {Relative debugging for a highly parallel hybrid computer system},
  booktitle = {Proceedings of the International Conference for High Performance Computing,
               Networking, Storage and Analysis, {SC} 2015, Austin, TX, USA, November
               15-20, 2015},
  pages     = {63:1--63:12},
  year      = {2015},
  url       = {https://doi.org/10.1145/2807591.2807605},
  doi       = {10.1145/2807591.2807605},
  timestamp = {Tue, 06 Nov 2018 16:59:29 +0100},
  biburl    = {https://dblp.org/rec/bib/conf/sc/RoseGVMADJ15},
  bibsource = {dblp computer science bibliography, https://dblp.org}
}

@misc{ascr-report-extreme-heterogeneity,
author = {Jeffrey S. Vetter},
title  = {{Extreme Heterogeneity 2018:
          Productive Computational Science in the Era of Extreme}},
note = {Report for DOE ASCR Basic Research Needs Workshop on Extreme Heterogeneity,
   \url{https://science.energy.gov/~/media/ascr/pdf/programdocuments/docs/-2018/2018-09-26d-Extreme\_Heterogeneity\_BRN\_report.pdf}},
month = jan,
year = 2018
}

@misc{Cohen:2018:IRC:3297279,
 author = {Cohen, Albert and Shen, Xipeng and Torrellas, Josep and Tuck, James and Zhou, Yuanyuan and Adve, Sarita and Akturk, Ismail and Bagchi, Saurabh and Balasubramonian, Rajeev and Barik, Rajkishore and Beck, Micah and Bodik, Ras and Butt, Ali and Ceze, Luis and Chen, Haibo and Chen, Yiran and Chilimbi, Trishul and Christodorescu, Mihai and Criswell, John and Ding, Chen and Ding, Yufei and Dwarkadas, Sandhya and Elmroth, Erik and Gibbons, Phil and Guo, Xiaochen and Gupta, Rajesh and Heiser, Gernot and Hoffman, Hank and Huang, Jian and Hunter, Hillery and Kim, John and King, Sam and Larus, James and Liu, Chen and Lu, Shan and Lucia, Brandon and Maleki, Saeed and Mazumdar, Somnath and Neamtiu, Iulian and Pingali, Keshav and Rech, Paolo and Scott, Michael and Solihin, Yan and Song, Dawn and Szefer, Jakub and Tsafrir, Dan and Urgaonkar, Bhuvan and Wolf, Marilyn and Xie, Yuan and Zhao, Jishen and Zhong, Lin and Zhu, Yuhao},
 title = {Inter-Disciplinary Research Challenges in Computer Systems for the 2020s},
 year = {2018},
 publisher = {National Science Foundation},
 address = {USA}
} 


@INPROCEEDINGS{1317470, 
author={Y. {Brun} and M. D. {Ernst}}, 
booktitle={Proceedings. 26th International Conference on Software Engineering}, 
title={Finding latent code errors via machine learning over program executions}, 
year={2004}, 
volume={}, 
number={}, 
pages={480-490}, 
keywords={program diagnostics;learning (artificial intelligence);support vector machines;decision trees;C language;Java;fault diagnosis;machine learning models;program properties;user-written code;program analysis;fault invariant classifier;dynamic invariant detection;support vector machine;decision tree learning tools;C programs;Java programs;fault-revealing properties;latent code errors;program executions;Machine learning;Testing;Programming profession;Computer errors;Support vector machines;Support vector machine classification;Decision trees;Classification tree analysis;Laboratories;Computer science}, 
doi={10.1109/ICSE.2004.1317470}, 
ISSN={0270-5257}, 
month={May},}


@article{fowlkes83,
author = { E. B.   Fowlkes  and  C. L.   Mallows },
title = {A Method for Comparing Two Hierarchical Clusterings},
journal = {Journal of the American Statistical Association},
volume = {78},
number = {383},
pages = {553-569},
year  = {1983},
publisher = {Taylor & Francis},
doi = {10.1080/01621459.1983.10478008},
URL = { 
        https://amstat.tandfonline.com/doi/abs/10.1080/01621459.1983.10478008
    },
eprint = { 
        https://amstat.tandfonline.com/doi/pdf/10.1080/01621459.1983.10478008
    }
}

@Misc{scipy,
  author =    {Eric Jones and Travis Oliphant and Pearu Peterson and others},
  title =     {{SciPy}: Open source scientific tools for {Python}},
  year =      {2001--},
  url = "http://www.scipy.org/",
  note = {[Online; accessed <today>]}
}


@inproceedings{choi-concurentDelta,
 author = {Choi, Jong-Deok and Zeller, Andreas},
 title = {Isolating Failure-inducing Thread Schedules},
 booktitle = {Proceedings of the 2002 ACM SIGSOFT International Symposium on Software Testing and Analysis},
 series = {ISSTA '02},
 year = {2002},
 isbn = {1-58113-562-9},
 location = {Roma, Italy},
 pages = {210--220},
 numpages = {11},
 url = {http://doi.acm.org/10.1145/566172.566211},
 doi = {10.1145/566172.566211},
 acmid = {566211},
 publisher = {ACM},
 address = {New York, NY, USA},
} 

@ARTICLE{kobayashi-84, 
author={M. Kobayashi and M.H. MacDougall}, 
journal={IEEE Transactions on Computers}, 
title={Dynamic Characteristics of Loops}, 
year={1984}, 
volume={C-33}, 
number={2}, 
pages={125-132}, 
keywords={Computer architecture;instruction buffer;locality of reference;loops;performance evaluation;program behavior;Computer architecture;instruction buffer;locality of reference;loops;performance evaluation;program behavior}, 
doi={10.1109/TC.1984.1676404}, 
ISSN={0018-9340}, 
month={Feb},}

@inproceedings{Ketterlin-nlr,
 author = {Ketterlin, Alain and Clauss, Philippe},
 title = {Prediction and Trace Compression of Data Access Addresses Through Nested Loop Recognition},
 booktitle = {Proceedings of the 6th Annual IEEE/ACM International Symposium on Code Generation and Optimization},
 series = {CGO '08},
 year = {2008},
 isbn = {978-1-59593-978-4},
 location = {Boston, MA, USA},
 pages = {94--103},
 numpages = {10},
 url = {http://doi.acm.org/10.1145/1356058.1356071},
 doi = {10.1145/1356058.1356071},
 acmid = {1356071},
 publisher = {ACM},
 address = {New York, NY, USA},
 keywords = {data access, nested loop recognition, trace analysis, trace compression, value prediction},
} 


@online{sequence-points-in-C,
 author = {Microsoft Developer Network},
  title = {C Sequence Points},
  url = {https://msdn.microsoft.com/en-us/library/azk8zbxd.aspx},
  urldate = {2018-10-24}
}

@INPROCEEDINGS{pmac,
    author = {Mustafa M. Tikir and Michael Laurenzano and Laura Carrington and Allan Snavely},
    title = {A.: PMaC Binary Instrumentation Library for PowerPC/AIX},
    booktitle = {In: Workshop on Binary Instrumentation and Applications},
    year = {2006}
}

@inproceedings{pinarm,
 author = {Hazelwood, Kim and Klauser, Artur},
 title = {A Dynamic Binary Instrumentation Engine for the ARM Architecture},
 booktitle = {Proceedings of the 2006 International Conference on Compilers, Architecture and Synthesis for Embedded Systems},
 series = {CASES '06},
 year = {2006},
 isbn = {1-59593-543-6},
 location = {Seoul, Korea},
 pages = {261--270},
 numpages = {10},
 doi = {10.1145/1176760.1176793},
 acmid = {1176793},
 publisher = {ACM},
 address = {New York, NY, USA},
 keywords = {binary instrumentation, dynamic translation, embedded architectures, pin},
} 


@article{taumrnet,
author = {Nataraj, Aroon and Malony, Allen and Morris, Alan and C. Arnold, Dorian and Miller, Barton},
year = {2009},
month = {01},
pages = {720-735},
title = {A Framework for Scalable, Parallel performance Monitoring},
volume = {22},
booktitle = {Concurrency and Computation: Practice and Experience}
}

@article{hpcdoe,
  author    = {Ganesh Gopalakrishnan and
               Paul D. Hovland and
               Costin Iancu and
               Sriram Krishnamoorthy and
               Ignacio Laguna and
               Richard A. Lethin and
               Koushik Sen and
               Stephen F. Siegel and
               Armando Solar{-}Lezama},
  title     = {Report of the {HPC} Correctness Summit, Jan 25-26, 2017, Washington,
               {DC}},
  journal   = {CoRR},
  volume    = {abs/1705.07478},
  year      = {2017},
  url       = {http://arxiv.org/abs/1705.07478},
  archivePrefix = {arXiv},
  eprint    = {1705.07478},
  timestamp = {Wed, 07 Jun 2017 14:42:35 +0200},
  biburl    = {http://dblp.org/rec/bib/journals/corr/GopalakrishnanH17},
  bibsource = {dblp computer science bibliography, http://dblp.org}
}


@INPROCEEDINGS{ilcs, 
author={M. Burtscher and H. Rabeti}, 
booktitle={2013 IEEE 27th International Symposium on Parallel and Distributed Processing}, 
title={A Scalable Heterogeneous Parallelization Framework for Iterative Local Searches}, 
year={2013}, 
volume={}, 
number={}, 
pages={1289-1298}, 
keywords={finite state machines;graphics processing units;iterative methods;mathematics computing;parallel processing;search problems;travelling salesman problems;FSM;Keeneland;MPI;OpenMP;Ranger;Stampede;finite-state machine;heterogeneous HPC platform;heuristic iterative hill-climbing TSP solver;iterative local search;multiGPU support;program termination;scalable heterogeneous parallelization framework;seed distribution;serial CPU;single-GPU code;supercomputer;Central Processing Unit;Cities and towns;Data structures;Graphics processing units;Instruction sets;Optimization;Supercomputers;heterogeneous CPU/GPU computing;iterative local champion search;parallelization framework}, 
doi={10.1109/IPDPS.2013.27}, 
ISSN={1530-2075}, 
month={May},}


@INPROCEEDINGS{cbb, 
author={P. Ratanaworabhan and M. Burtscher}, 
booktitle={ISPASS 2008 - IEEE International Symposium on Performance Analysis of Systems and software}, 
title={Program Phase Detection based on Critical Basic Block Transitions}, 
year={2008}, 
volume={}, 
number={}, 
pages={11-21}, 
keywords={cache storage;digital simulation;software architecture;L1 data cache;SimPoint method;cache reconfiguration schemes;critical basic block transitions;lightweight profile-based phase detection technique;phase change decision;program phase detection;program phase simulation;Computational modeling;Computer architecture;Distributed computing;Energy consumption;Grid computing;Intrusion detection;Laboratories;Performance loss;Phase detection;Stability}, 
doi={10.1109/ISPASS.2008.4510734}, 
ISSN={}, 
month={April},}


@article{clconst,
author = {Robert Godin and Rokia Missaoui and Hassan Alaoui},
title = {INCREMENTAL CONCEPT FORMATION ALGORITHMS BASED ON GALOIS (CONCEPT) LATTICES},
journal = {Computational Intelligence},
volume = {11},
number = {2},
pages = {246-267},
keywords = {concept lattice, Galois lattice, conceptual clustering, incremental algorithm, concept formation}
}

@article{clgenperform,
author = { Sergei O.   Kuznetsov  and  Sergei A.   Obiedkov },
title = {Comparing performance of algorithms for generating concept lattices},
journal = {Journal of Experimental \& Theoretical Artificial Intelligence},
volume = {14},
number = {2-3},
pages = {189-216},
year  = {2002},
publisher = {Taylor & Francis},
doi = {10.1080/09528130210164170},
URL = { https://doi.org/10.1080/09528130210164170},
eprint = {https://doi.org/10.1080/09528130210164170}
}


@book{clbook,
 author = {Ganter, Bernhard and Wille, Rudolf},
 title = {Formal Concept Analysis: Mathematical Foundations},
 year = {1997},
 isbn = {3540627715},
 edition = {1st},
 publisher = {Springer-Verlag New York, Inc.},
 address = {Secaucus, NJ, USA},
} 

@inproceedings{comet,
 author = {Strande, Shawn M. and Cai, Haisong and Cooper, Trevor and Flammer, Karen and Irving, Christopher and von Laszewski, Gregor and Majumdar, Amit and Mishin, Dmistry and Papadopoulos, Philip and Pfeiffer, Wayne and Sinkovits, Robert S. and Tatineni, Mahidhar and Wagner, Rick and Wang, Fugang and Wilkins-Diehr, Nancy and Wolter, Nicole and Norman, Michael L.},
 title = {Comet: Tales from the Long Tail: Two Years In and 10,000 Users Later},
 booktitle = {Proceedings of the Practice and Experience in Advanced Research Computing 2017 on Sustainability, Success and Impact},
 series = {PEARC17},
 year = {2017},
 isbn = {978-1-4503-5272-7},
 location = {New Orleans, LA, USA},
 pages = {38:1--38:7},
 articleno = {38},
 numpages = {7},
 url = {http://doi.acm.org/10.1145/3093338.3093383},
 doi = {10.1145/3093338.3093383},
 acmid = {3093383},
 publisher = {ACM},
 address = {New York, NY, USA},
} 



@article{dyninst,
  author    = {Barton P. Miller and
               Mark D. Callaghan and
               Jonathan M. Cargille and
               Jeffrey K. Hollingsworth and
               R. Bruce Irvin and
               Karen L. Karavanic and
               Krishna Kunchithapadam and
               Tia Newhall},
  title     = {The Paradyn Parallel Performance Measurement Tool},
  journal   = {{IEEE} Computer},
  volume    = {28},
  number    = {11},
  pages     = {37--46},
  year      = {1995},
  url       = {https://doi.org/10.1109/2.471178},
  doi       = {10.1109/2.471178},
  timestamp = {Wed, 17 May 2017 10:56:48 +0200},
  biburl    = {http://dblp.org/rec/bib/journals/computer/MillerCCHIKKN95},
  bibsource = {dblp computer science bibliography, http://dblp.org}
}

@inproceedings{tbon,
 author = {Hilbrich, Tobias and de Supinski, Bronis R. and H\"{a}nsel, Fabian and M\"{u}ller, Matthias S. and Schulz, Martin and Nagel, Wolfgang E.},
 title = {Runtime MPI Collective Checking with Tree-based Overlay Networks},
 booktitle = {Proceedings of the 20th European MPI Users' Group Meeting},
 series = {EuroMPI '13},
 year = {2013},
 isbn = {978-1-4503-1903-4},
 location = {Madrid, Spain},
 pages = {129--134},
 numpages = {6},
 url = {http://doi.acm.org/10.1145/2488551.2488570},
 doi = {10.1145/2488551.2488570},
 acmid = {2488570},
 publisher = {ACM},
 address = {New York, NY, USA},
 keywords = {MPI collectives, correctness, tree-based overlay networks},
}

@article{openss,
  author    = {Martin Schulz and
               Jim Galarowicz and
               Don Maghrak and
               William Hachfeld and
               David Montoya and
               Scott Cranford},
  title     = {Open {\(\vert\)} SpeedShop: An open source infrastructure for parallel
               performance analysis},
  journal   = {Scientific Programming},
  volume    = {16},
  number    = {2-3},
  pages     = {105--121},
  year      = {2008},
  url       = {https://doi.org/10.3233/SPR-2008-0256},
  doi       = {10.3233/SPR-2008-0256},
  timestamp = {Sun, 28 May 2017 13:22:10 +0200},
  biburl    = {http://dblp.org/rec/bib/journals/sp/SchulzGMHMC08},
  bibsource = {dblp computer science bibliography, http://dblp.org}
}


@inproceedings{vampirt,
 author = {Jurenz, Matthias and Brendel, Ronny and Knupfer, Andreas and Muller, Matthias and Nagel, Wolfgang E.},
 title = {Memory Allocation Tracing with VampirTrace},
 booktitle = {Proceedings of the 7th International Conference on Computational Science Part II},
 series = {ICCS '07},
 year = {2007},
 isbn = {978-3-540-72585-5},
 location = {Beijing, China},
 pages = {839--846},
 numpages = {8},
 doi = {10.1007/978-3-540-72586-2_118},
 acmid = {1418277},
 publisher = {Springer-Verlag},
 address = {Berlin, Heidelberg},
 keywords = {Memory Allocation, Performance Analysis, Tracing},
}


@INPROCEEDINGS{memcheck,
 author = {Nethercote, N. and Seward, J.},
 title = {How to Shadow Every Byte of Memory Used by a Program},
 booktitle = {Proceedings of the 3rd International Conference on Virtual Execution Environments},
 series = {VEE '07},
 year = {2007},
 isbn = {978-1-59593-630-1},
 location = {San Diego, California, USA},
 pages = {65--74},
 numpages = {10},
 acmid = {1254820},
 publisher = {ACM},
 address = {New York, NY, USA},
} 


@InProceedings{cstg,
  author =    "D.C.B. de Oliveira and A. Humphrey and Q. Meng and
              Z. Rakamaric and M. Berzins and G.
              Gopalakrishnan",
  title =     "Systematic Debugging of Concurrent Systems Using
              Coalesced Stack Trace Graphs",
  booktitle = "Proceedings of the 27th International Workshop on
              Languages and Compilers for Parallel Computing
              ({LCPC})",
  year =      "2014",
  month =     "September",
  url =       "http://www.sci.utah.edu/publications/Oli2014a/OliveiraLCPC2014.pdf",
}




@article{tau,
 author = {Shende, Sameer S. and Malony, Allen D.},
 title = {The {Tau} Parallel Performance System},
 journal = {International Journal on High Performance Computer Applications},
 volume = {20},
 issue = {2},
 month = {May},
 year = {2006},
 issn = {1094-3420},
 pages = {287--311},
 numpages = {25},
 url = {http://portal.acm.org/citation.cfm?id=1125980.1125982},
 doi = {10.1177/1094342006064482},
 acmid = {1125982},
 publisher = {Sage Publications, Inc.},
 address = {Thousand Oaks, CA, USA},
 }



@inproceedings{scorep,
  author    = {Andreas Kn{\"{u}}pfer and
               Christian R{\"{o}}ssel and
               Dieter an Mey and
               Scott Biersdorff and
               Kai Diethelm and
               Dominic Eschweiler and
               Markus Geimer and
               Michael Gerndt and
               Daniel Lorenz and
               Allen D. Malony and
               Wolfgang E. Nagel and
               Yury Oleynik and
               Peter Philippen and
               Pavel Saviankou and
               Dirk Schmidl and
               Sameer Shende and
               Ronny Tsch{\"{u}}ter and
               Michael Wagner and
               Bert Wesarg and
               Felix Wolf},
  title     = {Score-P: {A} Joint Performance Measurement Run-Time Infrastructure
               for Periscope, Scalasca, TAU, and Vampir},
  booktitle = {Tools for High Performance Computing 2011 - Proceedings of the 5th
               International Workshop on Parallel Tools for High Performance Computing,
               ZIH, Dresden, September 2011},
  pages     = {79--91},
  year      = {2011},
  timestamp = {Fri, 26 May 2017 00:49:33 +0200},
  biburl    = {http://dblp.org/rec/bib/conf/ptw/KnupferRMBDEGGLMNOPSSSTWWW11},
  bibsource = {dblp computer science bibliography, http://dblp.org}
}



@article{valgrind,
  author    = {Nicholas Nethercote and
               Julian Seward},
  title     = {Valgrind: {A} Program Supervision Framework},
  journal   = {Electr. Notes Theor. Comput. Sci.},
  volume    = {89},
  number    = {2},
  pages     = {44--66},
  year      = {2003},
  url       = {https://doi.org/10.1016/S1571-0661(04)81042-9},
  doi       = {10.1016/S1571-0661(04)81042-9},
  timestamp = {Sun, 28 May 2017 13:22:57 +0200},
  biburl    = {http://dblp.org/rec/bib/journals/entcs/NethercoteS03},
  bibsource = {dblp computer science bibliography, http://dblp.org}
}


@inproceedings{callgrind,
  author    = {Josef Weidendorfer},
  title     = {Sequential Performance Analysis with Callgrind and KCachegrind},
  booktitle = {Tools for High Performance Computing - Proceedings of the 2nd International
               Workshop on Parallel Tools for High Performance Computing, July 2008,
               HLRS, Stuttgart},
  pages     = {93--113},
  year      = {2008},
  doi       = {10.1007/978-3-540-68564-7_7},
  timestamp = {Fri, 26 May 2017 00:49:33 +0200},
  biburl    = {http://dblp.org/rec/bib/conf/ptw/Weidendorfer08},
  bibsource = {dblp computer science bibliography, http://dblp.org}
}





@article{hpc-toolkit,
  author = {Adhianto, L. and Banerjee, S. and Fagan, M. and Krentel, M. and Marin, G. and Mellor-Crummey, J. and Tallent, N. R.},
  title = {{HPCToolkit}: Tools for Performance Analysis of Optimized Parallel Programs},
  journal = {Concurrency and Computation: Practice and Experience},
  volume = {22},
  number = {6},
  pages = {685--701},
  year = {2010},
}


@inproceedings{pin,
 author = {Luk, Chi-Keung and Cohn, Robert and Muth, Robert and Patil, Harish and Klauser, Artur and Lowney, Geoff and Wallace, Steven and Reddi, Vijay Janapa and Hazelwood, Kim},
 title = {Pin: Building Customized Program Analysis Tools with Dynamic Instrumentation},
 booktitle = {Proceedings of the 2005 ACM SIGPLAN Conference on Programming Language Design and Implementation},
 series = {PLDI '05},
 year = {2005},
 isbn = {1-59593-056-6},
 location = {Chicago, IL, USA},
 pages = {190--200},
 numpages = {11},
 doi = {10.1145/1065010.1065034},
 acmid = {1065034},
 publisher = {ACM},
 address = {New York, NY, USA},
 keywords = {dynamic compilation, instrumentation, program analysis tools},
} 


@inproceedings{ipm,
  author    = {Karl F{\"{u}}rlinger and
               Nicholas J. Wright and
               David Skinner},
  title     = {Performance Analysis and Workload Characterization with {IPM}},
  booktitle = {Tools for High Performance Computing 2009 - Proceedings of the 3rd
               International Workshop on Parallel Tools for High Performance Computing,
               September 2009, ZIH, Dresden},
  pages     = {31--38},
  year      = {2009},
  doi       = {10.1007/978-3-642-11261-4_3},
  timestamp = {Fri, 26 May 2017 00:49:33 +0200},
  biburl    = {http://dblp.org/rec/bib/conf/ptw/FurlingerWS09},
}



@article{eventflowgraph,
title = "Online MPI Trace Compression Using Event Flow Graphs and Wavelets",
journal = "Procedia Computer Science",
volume = "80",
number = "Supplement C",
pages = "1497 - 1506",
year = "2016",
note = "International Conference on Computational Science 2016, ICCS 2016, 6-8 June 2016, San Diego, California, USA",
issn = "1877-0509",
doi = "https://doi.org/10.1016/j.procs.2016.05.471",
author = "Xavier Aguilar and Karl Fürlinger and Erwin Laure",
keywords = "MPI performance monitoring",
keywords = "event flow graphs",
keywords = "trace compression",
keywords = "wavelets",
keywords = "EZW coding"
}

@article{scalatrace,
title = "ScalaTrace: Scalable compression and replay of communication traces for high-performance computing",
journal = "Journal of Parallel and Distributed Computing",
volume = "69",
number = "8",
pages = "696 - 710",
year = "2009",
note = "Best Paper Awards: 21st International Parallel and Distributed Processing Symposium (IPDPS 2007)",
issn = "0743-7315",
doi = "https://doi.org/10.1016/j.jpdc.2008.09.001",
author = "Michael Noeth and Prasun Ratn and Frank Mueller and Martin Schulz and Bronis R. de Supinski",
keywords = "High-performance computing",
keywords = "Scalability",
keywords = "Communication tracing"
}


@Inbook{freitag,
author="Freitag, Felix
and Caubet, Jordi
and Labarta, Jesus",
editor="Monien, Burkhard
and Feldmann, Rainer",
title="On the Scalability of Tracing Mechanisms",
bookTitle="Euro-Par 2002 Parallel Processing: 8th International Euro-Par Conference Paderborn, Germany, August 27--30, 2002 Proceedings",
year="2002",
publisher="Springer Berlin Heidelberg",
address="Berlin, Heidelberg",
pages="97--104",
isbn="978-3-540-45706-0",
doi="10.1007/3-540-45706-2_10",
}

@online{pinurl,
  author = {Intel},
  title = {Pin, A Dynamic Binary Instrumentation},
  url = {https://software.intel.com/en-us/articles/pin-a-dynamic-binary-instrumentation-tool},
  urldate = {2017-10-22}
}

@online{gdburl,
  author = {GNU},
  title = {GDB: The GNU Project Debugger},
  url = {https://www.gnu.org/software/gdb/},
  urldate = {2019-02-27}
}
@inproceedings{prodometer,
 author = {Mitra, Subrata and Laguna, Ignacio and Ahn, Dong H. and Bagchi, Saurabh and Schulz, Martin and Gamblin, Todd},
 title = {Accurate Application Progress Analysis for Large-scale Parallel Debugging},
 booktitle = {Proceedings of the 35th ACM SIGPLAN Conference on Programming Language Design and Implementation},
 series = {PLDI '14},
 year = {2014},
 isbn = {978-1-4503-2784-8},
 location = {Edinburgh, United Kingdom},
 pages = {193--203},
 numpages = {11},
 url = {http://doi.acm.org/10.1145/2594291.2594336},
 doi = {10.1145/2594291.2594336},
 acmid = {2594336},
 publisher = {ACM},
 address = {New York, NY, USA},
 keywords = {MPI, dynamic analysis, high-performance computing, parallel debugging},
} 

@online{ddt,
  author = {Allinea, Arm},
  title = {Allinea DDT},
  url = {https://www.allinea.com/products/ddt},
  urldate = {2017-10-22}
}

@inproceedings{nas,
 author = {Bailey, D. H. and Barszcz, E. and Barton, J. T. and Browning, D. S. and Carter, R. L. and Dagum, L. and Fatoohi, R. A. and Frederickson, P. O. and Lasinski, T. A. and Schreiber, R. S. and Simon, H. D. and Venkatakrishnan, V. and Weeratunga, S. K.},
 title = {The NAS Parallel Benchmarks\&Mdash;Summary and Preliminary Results},
 booktitle = {Proceedings of the 1991 ACM/IEEE Conference on Supercomputing},
 series = {Supercomputing '91},
 year = {1991},
 isbn = {0-89791-459-7},
 location = {Albuquerque, New Mexico, USA},
 pages = {158--165},
 numpages = {8},
 doi = {10.1145/125826.125925},
 acmid = {125925},
 publisher = {ACM},
 address = {New York, NY, USA},
} 


@online{tacc,
 author = {University of Texas at Austin, TACC},
  title = {TACC Stampede},
  url = {hhttp://www.tacc.utexas.edu},
  urldate = {2017-10-22}
}





@INPROCEEDINGS{archer, 
author={S. Atzeni and G. Gopalakrishnan and Z. Rakamaric and D. H. Ahn and I. Laguna and M. Schulz and G. L. Lee and J. Protze and M. S. Müller}, 
booktitle={2016 IEEE International Parallel and Distributed Processing Symposium (IPDPS)}, 
title={ARCHER: Effectively Spotting Data Races in Large OpenMP Applications}, 
year={2016}, 
volume={}, 
number={}, 
pages={53-62}, 
keywords={application program interfaces;parallel processing;program diagnostics;ARCHER;HPC;OpenMP application;data race checker;dynamic analysis;high performance computing;static analysis;structured parallelism;Benchmark testing;Instruments;Parallel processing;Runtime;Scalability;Synchronization;Xenon;OpenMP;data race detection;dynamic analysis;high performance computing;static analysis}, 
doi={10.1109/IPDPS.2016.68}, 
ISSN={1530-2075}, 
month={May}
}



@INPROCEEDINGS{mrnet, 
author={P. C. Roth and D. C. Arnold and B. P. Miller}, 
booktitle={Supercomputing, 2003 ACM/IEEE Conference}, 
title={MRNet: A Software-Based Multicast/Reduction Network for Scalable Tools}, 
year={2003}, 
volume={}, 
number={}, 
pages={21-21}, 
keywords={Scalability;aggregation;multicast;reduction;tools;Biological system modeling;Computational efficiency;Computational modeling;Costs;Data analysis;Delay;Process control;Scalability;Throughput;User interfaces;Scalability;aggregation;multicast;reduction;tools}, 
doi={10.1145/1048935.1050172}, 
ISSN={}, 
month={Nov},}


@article{mantevo,
  title={Improving performance via mini-applications},
  author={Heroux, Michael A and Doerfler, Douglas W and Crozier, Paul S and Willenbring, James M and Edwards, H Carter and Williams, Alan and Rajan, Mahesh and Keiter, Eric R and Thornquist, Heidi K and Numrich, Robert W},
  journal={Sandia National Laboratories, Tech. Rep. SAND2009-5574},
  volume={3},
  year={2009}
}


@article{lz,
author = {Ziv, J. and Lempel, A.},
title = {A Universal Algorithm for Sequential Data Compression},
journal = {IEEE Trans. Inf. Theor.},
issue_date = {May 1977},
volume = {23},
number = {3},
month = sep,
year = {2006},
issn = {0018-9448},
pages = {337--343},
numpages = {7},
doi = {10.1109/TIT.1977.1055714},
acmid = {2269180},
publisher = {IEEE Press},
address = {Piscataway, NJ, USA},
}


@inproceedings{DCC18,
author = {S. Claggett and S. Azimi and M. Burtscher},
title = {{SPDP: An Automatically Synthesized Lossless Compression Algorithm for Floating-Point Data}},
booktitle = {2018 Data Compression Conference},
year = {2018},
}



@article{Ziv:2006:UAS:2263324.2269180,
 author = {Ziv, J. and Lempel, A.},
 title = {A Universal Algorithm for Sequential Data Compression},
 journal = {IEEE Trans. Inf. Theor.},
 issue_date = {May 1977},
 volume = {23},
 number = {3},
 month = sep,
 year = {2006},
 issn = {0018-9448},
 pages = {337--343},
 numpages = {7},
 url = {http://dx.doi.org/10.1109/TIT.1977.1055714},
 doi = {10.1109/TIT.1977.1055714},
 acmid = {2269180},
 publisher = {IEEE Press},
 address = {Piscataway, NJ, USA},
}

@INPROCEEDINGS{mb-cluster15,
author={A. Yang and H. Mukka and F. Hesaaraki and M. Burtscher},
booktitle={2015 IEEE International Conference on Cluster Computing},
title={{MPC}: A Massively Parallel Compression Algorithm for Scientific Data},
year={2015},
pages={381-389},
keywords={data compression;floating point arithmetic;parallel processing;MPC algorithm;floating-point value;lossless compression algorithm;massively parallel compression algorithm;scientific data;Algorithm design and analysis;Compression algorithms;Compressors;Data models;Graphics processing units;Message systems;Prediction algorithms;GPUs;Lossless data compression;algorithm design;floating-point compres-sion;massively parallel architectures},
doi={10.1109/CLUSTER.2015.59},
ISSN={1552-5244},
month={Sept},}

@inproceedings{mb-space16,
 author = {J. Coplin and A. Yang and A. Poppe and M. Burtscher},
 title = {{Increasing Telemetry Throughput Using Customized and Adaptive Data Compression}},
 booktitle = {{AIAA SPACE and Astronautics Forum and Exposition}},
 year = {2016},
}

@inproceedings{mb-sc16,
 author = {Burtscher, Martin and Mukka, Hari and Yang, Annie and Hesaaraki, Farbod},
 title = {Real-time Synthesis of Compression Algorithms for Scientific Data},
 booktitle = {Proceedings of the International Conference for High Performance Computing, Networking, Storage and Analysis},
 series = {SC '16},
 year = {2016},
 isbn = {978-1-4673-8815-3},
 location = {Salt Lake City, Utah},
 pages = {23:1--23:12},
 articleno = {23},
 numpages = {12},
 url = {http://dl.acm.org/citation.cfm?id=3014904.3014935},
 acmid = {3014935},
 publisher = {IEEE Press},
 address = {Piscataway, NJ, USA},
 keywords = {data compression, real-time algorithm synthesis},
}

@inproceedings{mb-dcc18,
 author = {S. Claggett and S. Azimi and M. Burtscher},
 title = {{SPDP: An Automatically Synthesized Lossless Compression Algorithm for Floating-Point Data}},
 booktitle = {2018 Data Compression Conference},
 year = {2018},
}


@article{aguilar,
title = "Online MPI Trace Compression Using Event Flow Graphs and Wavelets",
journal = "Procedia Computer Science",
volume = "80",
pages = "1497 - 1506",
year = "2016",
note = "International Conference on Computational Science 2016, ICCS 2016, 6-8 June 2016, San Diego, California, USA",
issn = "1877-0509",
doi = "https://doi.org/10.1016/j.procs.2016.05.471",
url = "http://www.sciencedirect.com/science/article/pii/S1877050916309565",
author = "Xavier Aguilar and Karl Fürlinger and Erwin Laure",
keywords = "MPI performance monitoring, event flow graphs, trace compression, wavelets, EZW coding"
}


@inproceedings{gamblinNami,
 author={T. Gamblin and B. R. de Supinski and M. Schulz and R. Fowler and D. A. Reed}, 
booktitle={SC '08: Proceedings of the 2008 ACM/IEEE Conference on Supercomputing}, 
title={Scalable load-balance measurement for SPMD codes}, 
year={2008}, 
volume={}, 
number={}, 
pages={1-12}, 
keywords={distributed memory systems;parallel algorithms;parallel programming;resource allocation;wavelet transforms;scalable load-balance measurement;single program multiple data;SPMD code;parallel system;storage capacity;I/O bandwidth;parallel wavelet transform;parallel encoding method;large-scale distributed-memory parallel computer;Large-scale systems;Monitoring;Encoding;Production;Laboratories;Adaptive algorithm;Memory;Time varying systems;Volume measurement;Signal processing}, 
doi={10.1109/SC.2008.5222553}, 
ISSN={2167-4329}, 
month={Nov},}

@inproceedings{mohror,
 author = {Mohror, Kathryn and Karavanic, Karen L.},
 title = {Evaluating Similarity-based Trace Reduction Techniques for Scalable Performance Analysis},
 booktitle = {Proceedings of the Conference on High Performance Computing Networking, Storage and Analysis},
 series = {SC '09},
 year = {2009},
 isbn = {978-1-60558-744-8},
 location = {Portland, Oregon},
 pages = {55:1--55:12},
 articleno = {55},
 numpages = {12},
 url = {http://doi.acm.org/10.1145/1654059.1654115},
 doi = {10.1145/1654059.1654115},
 acmid = {1654115},
 publisher = {ACM},
 address = {New York, NY, USA},
} 



@inproceedings{zhang07,
 author = {Zhang, Yuan and Duesterwald, Evelyn},
 title = {Barrier Matching for Programs with Textually Unaligned Barriers},
 booktitle = {Proceedings of the 12th ACM SIGPLAN Symposium on Principles and Practice of Parallel Programming},
 series = {PPoPP '07},
 year = {2007},
 isbn = {978-1-59593-602-8},
 location = {San Jose, California, USA},
 pages = {194--204},
 numpages = {11},
 url = {http://doi.acm.org/10.1145/1229428.1229472},
 doi = {10.1145/1229428.1229472},
 acmid = {1229472},
 publisher = {ACM},
 address = {New York, NY, USA},
 keywords = {MPI, barrier synchronization, path expressions, slicing, static analysis},
}

@inproceedings{roth-15,
 author = {Roth, Philip C. and Meredith, Jeremy S. and Vetter, Jeffrey S.},
 title = {Automated Characterization of Parallel Application Communication Patterns},
 booktitle = {Proceedings of the 24th International Symposium on High-Performance Parallel and Distributed Computing},
 series = {HPDC '15},
 year = {2015},
 isbn = {978-1-4503-3550-8},
 location = {Portland, Oregon, USA},
 pages = {73--84},
 numpages = {12},
 url = {http://doi.acm.org/10.1145/2749246.2749278},
 doi = {10.1145/2749246.2749278},
 acmid = {2749278},
 publisher = {ACM},
 address = {New York, NY, USA},
 keywords = {application characterization, communication patterns, message passing interface (mpi)},
} 

@INPROCEEDINGS{miller06, 
author={A. V. Mirgorodskiy and N. Maruyama and B. P. Miller}, 
booktitle={SC '06: Proceedings of the 2006 ACM/IEEE Conference on Supercomputing}, 
title={Problem Diagnosis in Large-Scale Computing Environments}, 
year={2006}, 
volume={}, 
number={}, 
pages={11-11}, 
keywords={parallel programming;program diagnostics;problem diagnosis;large-scale computing environment;distributed system;function-level traces;fail-stop problem;distributed cluster;Large-scale systems;Distributed computing;Computer bugs;Performance analysis;Instruments;Permission;Runtime;Data analysis;Application software;High performance computing}, 
doi={10.1109/SC.2006.50}, 
ISSN={}, 
month={Nov},
}

@inproceedings{laguna-12,
 author = {Laguna, Ignacio and Ahn, Dong H. and de Supinski, Bronis R. and Bagchi, Saurabh and Gamblin, Todd},
 title = {Probabilistic Diagnosis of Performance Faults in Large-scale Parallel Applications},
 booktitle = {Proceedings of the 21st International Conference on Parallel Architectures and Compilation Techniques},
 series = {PACT '12},
 year = {2012},
 isbn = {978-1-4503-1182-3},
 location = {Minneapolis, Minnesota, USA},
 pages = {213--222},
 numpages = {10},
 url = {http://doi.acm.org/10.1145/2370816.2370848},
 doi = {10.1145/2370816.2370848},
 acmid = {2370848},
 publisher = {ACM},
 address = {New York, NY, USA},
 keywords = {diagnosis, distributed debugging, fault detection, markov models, mpi, slicing},
} 


@article{preissl-08,
  title={Detecting Patterns in MPI Communication Traces},
  author={Robert Preissl and Thomas K{\"o}ckerbauer and Martin Schulz and Dieter Kranzlm{\"u}ller and Bronis R. de Supinski and Daniel J. Quinlan},
  journal={2008 37th International Conference on Parallel Processing},
  year={2008},
  pages={230-237}
}

@inproceedings{liu-18,
 author = {Liu, Bozhen and Huang, Jeff},
 title = {D4: Fast Concurrency Debugging with Parallel Differential Analysis},
 booktitle = {Proceedings of the 39th ACM SIGPLAN Conference on Programming Language Design and Implementation},
 series = {PLDI 2018},
 year = {2018},
 isbn = {978-1-4503-5698-5},
 location = {Philadelphia, PA, USA},
 pages = {359--373},
 numpages = {15},
 url = {http://doi.acm.org/10.1145/3192366.3192390},
 doi = {10.1145/3192366.3192390},
 acmid = {3192390},
 publisher = {ACM},
 address = {New York, NY, USA},
 keywords = {Concurrency Debugging, Data Races, Deadlocks, Differential Pointer Analysis, Parallel Differential Analysis, Real Time, Static Happens-Before Analysis},
} 

@inproceedings{marmot,
author = {Krammer, Bettina and MÃŒller, Matthias and Resch, Michael},
year = {2004},
month = {12},
pages = {464-471},
title = {MPI application development using the analysis tool MARMOT},
volume = {3038},
doi = {10.1007/978-3-540-24688-6_61}
}

@inproceedings{mpi-checker,
 author = {Droste, Alexander and Kuhn, Michael and Ludwig, Thomas},
 title = {MPI-checker: Static Analysis for MPI},
 booktitle = {Proceedings of the Second Workshop on the LLVM Compiler Infrastructure in HPC},
 series = {LLVM '15},
 year = {2015},
 isbn = {978-1-4503-4005-2},
 location = {Austin, Texas},
 pages = {3:1--3:10},
 articleno = {3},
 numpages = {10},
 url = {http://doi.acm.org/10.1145/2833157.2833159},
 doi = {10.1145/2833157.2833159},
 acmid = {2833159},
 publisher = {ACM},
 address = {New York, NY, USA},
 keywords = {MPI, clang static analyzer, high performance computing, static analysis},
} 

@INPROCEEDINGS{dmtracker, 
author={Q. Gao and F. Qin and D. K. Panda}, 
booktitle={SC '07: Proceedings of the 2007 ACM/IEEE Conference on Supercomputing}, 
title={DMTracker: finding bugs in large-scale parallel programs by detecting anomaly in data movements}, 
year={2007}, 
volume={}, 
number={}, 
pages={1-12}, 
keywords={Computer bugs;Large-scale systems;Data mining;Runtime;Software reliability;Debugging;System recovery;Libraries;Programming profession;Production;anomaly detection;bug detection;data movements;parallel programs}, 
doi={10.1145/1362622.1362643}, 
ISSN={}, 
month={Nov},}

@INPROCEEDINGS{syncChecker, 
author={Z. Chen and X. Li and J. Chen and H. Zhong and F. Qin}, 
booktitle={2012 IEEE 26th International Parallel and Distributed Processing Symposium}, 
title={SyncChecker: Detecting Synchronization Errors between MPI Applications and Libraries}, 
year={2012}, 
volume={}, 
number={}, 
pages={342-353}, 
keywords={application program interfaces;Linux;message passing;program verification;software libraries;SyncChecker;synchronization errors detection;MPI applications;MPI libraries;message buffer;MPI nonblocking communication;Linux;Synchronization;Libraries;Runtime;Instruments;Computer bugs;Semantics;Prototypes}, 
doi={10.1109/IPDPS.2012.40}, 
ISSN={1530-2075}, 
month={May},}


@INPROCEEDINGS{satoshi-08, 
author={N. Maruyama and S. Matsuoka}, 
booktitle={2008 IEEE International Symposium on Parallel and Distributed Processing}, 
title={Model-based fault localization in large-scale computing systems}, 
year={2008}, 
volume={}, 
number={}, 
pages={1-12}, 
keywords={fault location;parallel processing;program debugging;software fault tolerance;model-based fault localization;large-scale computing systems;software bugs;per-process function call traces;call probability;function call sequences;distributed parallel job manager;Large-scale systems;Distributed computing;Fault detection;Humans;Scalability;Software architecture;Informatics;Computer bugs;Standards;Testing}, 
doi={10.1109/IPDPS.2008.4536310}, 
ISSN={1530-2075}, 
month={April},}

@inproceedings{beschastnikh-synoptic,
 author = {Beschastnikh, Ivan and Abrahamson, Jenny and Brun, Yuriy and Ernst, Michael D.},
 title = {Synoptic: Studying Logged Behavior with Inferred Models},
 booktitle = {Proceedings of the 19th ACM SIGSOFT Symposium and the 13th European Conference on Foundations of Software Engineering},
 series = {ESEC/FSE '11},
 year = {2011},
 isbn = {978-1-4503-0443-6},
 location = {Szeged, Hungary},
 pages = {448--451},
 numpages = {4},
 url = {http://doi.acm.org/10.1145/2025113.2025188},
 doi = {10.1145/2025113.2025188},
 acmid = {2025188},
 publisher = {ACM},
 address = {New York, NY, USA},
 keywords = {log analysis, model inference, synoptic, temporal invariant mining},
} 

@inproceedings{beschastnikh-pologs,
 author = {Beschastnikh, Ivan and Brun, Yuriy and Ernst, Michael D. and Krishnamurthy, Arvind and Anderson, Thomas E.},
 title = {Mining Temporal Invariants from Partially Ordered Logs},
 booktitle = {Managing Large-scale Systems via the Analysis of System Logs and the Application of Machine Learning Techniques},
 series = {SLAML '11},
 year = {2011},
 isbn = {978-1-4503-0978-3},
 location = {Cascais, Portugal},
 pages = {3:1--3:10},
 articleno = {3},
 numpages = {10},
 url = {http://doi.acm.org/10.1145/2038633.2038636},
 doi = {10.1145/2038633.2038636},
 acmid = {2038636},
 publisher = {ACM},
 address = {New York, NY, USA},
}

@inproceedings{Ahn:2009,
 author = {Ahn, Dong H. and de Supinski, Bronis R. and Laguna, Ignacio and Lee, Gregory L. and Liblit, Ben and Miller, Barton P. and Schulz, Martin},
 title = {Scalable Temporal Order Analysis for Large Scale Debugging},
 booktitle = {Proceedings of the Conference on High Performance Computing Networking, Storage and Analysis},
 series = {SC '09},
 year = {2009},
 isbn = {978-1-60558-744-8},
 location = {Portland, Oregon},
 pages = {44:1--44:11},
 articleno = {44},
 numpages = {11},
 url = {http://doi.acm.org/10.1145/1654059.1654104},
 doi = {10.1145/1654059.1654104},
 acmid = {1654104},
 publisher = {ACM},
 address = {New York, NY, USA},
}

@inproceedings{grant18,
 author = {Grant, Stewart and Cech, Hendrik and Beschastnikh, Ivan},
 title = {Inferring and Asserting Distributed System Invariants},
 booktitle = {Proceedings of the 40th International Conference on Software Engineering},
 series = {ICSE '18},
 year = {2018},
 isbn = {978-1-4503-5638-1},
 location = {Gothenburg, Sweden},
 pages = {1149--1159},
 numpages = {11},
 url = {http://doi.acm.org/10.1145/3180155.3180199},
 doi = {10.1145/3180155.3180199},
 acmid = {3180199},
 publisher = {ACM},
 address = {New York, NY, USA},
} 

@article{pivot,
 author = {Mace, Jonathan and Roelke, Ryan and Fonseca, Rodrigo},
 title = {Pivot Tracing: Dynamic Causal Monitoring for Distributed Systems},
 journal = {ACM Trans. Comput. Syst.},
 issue_date = {December 2018},
 volume = {35},
 number = {4},
 month = dec,
 year = {2018},
 issn = {0734-2071},
 pages = {11:1--11:28},
 articleno = {11},
 numpages = {28},
 url = {http://doi.acm.org/10.1145/3208104},
 doi = {10.1145/3208104},
 acmid = {3208104},
 publisher = {ACM},
 address = {New York, NY, USA},
 keywords = {Distributed systems monitoring, end-to-end tracing},
}

@inproceedings{beschastnikh-csight,
 author = {Beschastnikh, Ivan and Brun, Yuriy and Ernst, Michael D. and Krishnamurthy, Arvind},
 title = {Inferring Models of Concurrent Systems from Logs of Their Behavior with CSight},
 booktitle = {Proceedings of the 36th International Conference on Software Engineering},
 series = {ICSE 2014},
 year = {2014},
 isbn = {978-1-4503-2756-5},
 location = {Hyderabad, India},
 pages = {468--479},
 numpages = {12},
 url = {http://doi.acm.org/10.1145/2568225.2568246},
 doi = {10.1145/2568225.2568246},
 acmid = {2568246},
 publisher = {ACM},
 address = {New York, NY, USA},
 keywords = {CSight, Model inference, concurrency, distributed systems, log analysis},
} 


@INPROCEEDINGS{weber-seqAlign, 
author={M. Weber and R. Brendel and H. Brunst}, 
booktitle={2012 IEEE 10th International Symposium on Parallel and Distributed Processing with Applications}, 
title={Trace File Comparison with a Hierarchical Sequence Alignment Algorithm}, 
year={2012}, 
volume={}, 
number={}, 
pages={247-254}, 
keywords={program compilers;program diagnostics;software performance evaluation;trace file comparison;hierarchical sequence alignment algorithm;performance optimization;HPC;software development process;application optimization;event trace analysis;source code;compiler flag;call graph analysis;event trace alignment;fine-grained execution time difference;performance chart;Heuristic algorithms;Dynamic programming;Optimization;Algorithm design and analysis;Performance analysis;Measurement;Redundancy;performance analysis;comparison;sequence alignment;tracing}, 
doi={10.1109/ISPA.2012.40}, 
ISSN={2158-9178}, 
month={July},}

@techreport{liblit02,
 author = {Liblit, Ben and Aiken, Alex},
 title = {Building a Better Backtrace: Techniques for Postmortem Program Analysis},
 year = {2002},
 source = {http://www.ncstrl.org:8900/ncstrl/servlet/search?formname=detail\&id=oai%3Ancstrlh%3Aucb%3AUCB%2F%2FCSD-02-1203},
 publisher = {University of California at Berkeley},
 address = {Berkeley, CA, USA},
} 

@inproceedings{sherwood02,
 author = {Sherwood, Timothy and Perelman, Erez and Hamerly, Greg and Calder, Brad},
 title = {Automatically Characterizing Large Scale Program Behavior},
 booktitle = {Proceedings of the 10th International Conference on Architectural Support for Programming Languages and Operating Systems},
 series = {ASPLOS X},
 year = {2002},
 isbn = {1-58113-574-2},
 location = {San Jose, California},
 pages = {45--57},
 numpages = {13},
 url = {http://doi.acm.org/10.1145/605397.605403},
 doi = {10.1145/605397.605403},
 acmid = {605403},
 publisher = {ACM},
 address = {New York, NY, USA},
}




@inproceedings{weberStructural,
	title = {Structural {Clustering}: {A} {New} {Approach} to {Support} {Performance} {Analysis} at {Scale}},
	isbn = {978-1-5090-2140-6},
	shorttitle = {Structural {Clustering}},
	url = {http://ieeexplore.ieee.org/document/7516045/},
	doi = {10.1109/IPDPS.2016.27},
	language = {en},
	urldate = {2018-05-08},
	publisher = {IEEE},
	author = {Weber, Matthias and Brendel, Ronny and Hilbrich, Tobias and Mohror, Kathryn and Schulz, Martin and Brunst, Holger},
	month = may,
	year = {2016},
	pages = {484--493},
	file = {Weber et al. - 2016 - Structural Clustering A New Approach to Support P.pdf:/Users/saeed/Zotero/storage/2LMDT5YK/Weber et al. - 2016 - Structural Clustering A New Approach to Support P.pdf:application/pdf}
}



@article{bender05,
title = "Lowest common ancestors in trees and directed acyclic graphs",
journal = "Journal of Algorithms",
volume = "57",
number = "2",
pages = "75 - 94",
year = "2005",
issn = "0196-6774",
doi = "https://doi.org/10.1016/j.jalgor.2005.08.001",
url = "http://www.sciencedirect.com/science/article/pii/S0196677405000854",
author = "Michael A. Bender and Martín Farach-Colton and Giridhar Pemmasani and Steven Skiena and Pavel Sumazin",
keywords = "Lowest common ancestor (LCA), Directed cyclic graph (DAG), Range minimum query (RMQ), Shortest path, Cartesian tree"
}


@article{diff-myers,
  author    = {Eugene W. Myers},
  title     = {An {O(ND)} Difference Algorithm and Its Variations},
  journal   = {Algorithmica},
  volume    = {1},
  number    = {2},
  pages     = {251--266},
  year      = {1986},
  url       = {https://doi.org/10.1007/BF01840446},
  doi       = {10.1007/BF01840446},
  timestamp = {Wed, 17 May 2017 14:25:13 +0200},
  biburl    = {https://dblp.org/rec/bib/journals/algorithmica/Meyers86},
  bibsource = {dblp computer science bibliography, https://dblp.org}
}



@inproceedings{kmr,
 author = {Karp, Richard M. and Miller, Raymond E. and Rosenberg, Arnold L.},
 title = {Rapid Identification of Repeated Patterns in Strings, Trees and Arrays},
 booktitle = {Proceedings of the Fourth Annual ACM Symposium on Theory of Computing},
 series = {STOC '72},
 year = {1972},
 location = {Denver, Colorado, USA},
 pages = {125--136},
 numpages = {12},
 url = {http://doi.acm.org/10.1145/800152.804905},
 doi = {10.1145/800152.804905},
 acmid = {804905},
 publisher = {ACM},
 address = {New York, NY, USA},
} 


@book{Crochemore:1994:TA:199269,
 author = {Crochemore, Maxime and Rytter, Wojciech},
 title = {Text Algorithms},
 year = {1994},
 isbn = {0-19-508609-0},
 publisher = {Oxford University Press, Inc.},
 address = {New York, NY, USA},
} 


@book{crochemore_jewels_2002,
	 author = {Crochemore, Maxime and Rytter, Wojciech},
	title = {Jewels of {Stringology}},
	isbn = {978-981-02-4782-9},
	url = {https://books.google.com/books?id=ipuPQgAACAAJ},
	publisher = {World Scientific},
	year = {2002},
	lccn = {2003266668}
}

@article{kmruse,
author = {Crochemore, M. and Rytter, W.},
title = "Usefulness of the Karp-Miller-Rosenberg algorithm in parallel computations on strings and arrays",
journal = "Theoretical Computer Science",
volume = "88",
number = "1",
pages = "59 - 82",
year = "1991",
issn = "0304-3975",

url = "http://www.sciencedirect.com/science/article/pii/030439759190073B"
}


@article{ignatov17,
  author    = {Dmitry I. Ignatov},
  title     = {Introduction to Formal Concept Analysis and Its Applications in Information
               Retrieval and Related Fields},
  journal   = {CoRR},
  volume    = {abs/1703.02819},
  year      = {2017},
  url       = {http://arxiv.org/abs/1703.02819},
  archivePrefix = {arXiv},
  eprint    = {1703.02819},
  timestamp = {Wed, 07 Jun 2017 14:40:03 +0200},
  biburl    = {https://dblp.org/rec/bib/journals/corr/Ignatov17},
  bibsource = {dblp computer science bibliography, https://dblp.org}
}

@article{nakamura_fast_2013,
	title = {Fast algorithms for finding a minimum repetition representation of strings and trees},
	volume = {161},
	issn = {0166-218X},
	url = {http://www.sciencedirect.com/science/article/pii/S0166218X13000024},
	doi = {https://doi.org/10.1016/j.dam.2012.12.013},
	number = {10},
	journal = {Discrete Applied Mathematics},
	author = {Nakamura, Atsuyoshi and Saito, Tomoya and Takigawa, Ichigaku and Kudo, Mineichi and Mamitsuka, Hiroshi},
	year = {2013},
	pages = {1556 -- 1575}
}

@article{shiviz,
 author = {Beschastnikh, Ivan and Wang, Patty and Brun, Yuriy and Ernst, Michael D.},
 title = {Debugging Distributed Systems},
 journal = {Commun. ACM},
 issue_date = {August 2016},
 volume = {59},
 number = {8},
 month = jul,
 year = {2016},
 issn = {0001-0782},
 pages = {32--37},
 numpages = {6},
 url = {http://doi.acm.org/10.1145/2909480},
 doi = {10.1145/2909480},
 acmid = {2909480},
 publisher = {ACM},
 address = {New York, NY, USA},
}


@INPROCEEDINGS{charmVis, 
author={K. E. Isaacs and A. Bhatele and J. Lifflander and D. Böhme and T. Gamblin and M. Schulz and B. Hamann and P. Bremer}, 
booktitle={SC '15: Proceedings of the International Conference for High Performance Computing, Networking, Storage and Analysis}, 
title={Recovering logical structure from Charm++ event traces}, 
year={2015}, 
volume={}, 
number={}, 
pages={1-12}, 
keywords={C++ language;parallel programming;program diagnostics;task analysis;Charm++ programs;event traces;parallel programs;task ordering;logical structure recovery;nondeterministic execution order;Runtime;Program processors;Computational modeling;Measurement;Programming;Algorithm design and analysis;Organizations}, 
doi={10.1145/2807591.2807634}, 
ISSN={2167-4337}, 
month={Nov},}

@article{ravel,
  title={Combing the Communication Hairball: Visualizing Parallel Execution Traces using Logical Time},
  author={Katherine E. Isaacs and Peer-Timo Bremer and Ilir Jusufi and Todd Gamblin and Abhinav Bhatele and Martin Schulz and Bernd Hamann},
  journal={IEEE Transactions on Visualization and Computer Graphics},
  year={2014},
  volume={20},
  pages={2349-2358}
}


@InProceedings{latticeForDistConst,
author="Garg, Vijay K.",
editor="Frey, Davide
and Raynal, Michel
and Sarkar, Saswati
and Shyamasundar, Rudrapatna K.
and Sinha, Prasun",
title="Maximal Antichain Lattice Algorithms for Distributed Computations",
booktitle="Distributed Computing and Networking",
year="2013",
publisher="Springer Berlin Heidelberg",
address="Berlin, Heidelberg",
pages="240--254",
isbn="978-3-642-35668-1"
}

@book{garg_2015,
	author={Garg, Vijay K.},
   place={Hoboken},
   title={Introduction to lattice theory with computer science applications},
   publisher={Wiley},
   year={2015}
}


@INPROCEEDINGS{must, 
author={J. Protze and T. Hilbrich and M. Schulz and B. R. d. Supinski and W. E. Nagel and M. S. Mueller}, 
booktitle={2014 43rd International Conference on Parallel Processing Workshops}, 
title={MPI Runtime Error Detection with MUST: A Scalable and Crash-Safe Approach}, 
year={2014}, 
volume={}, 
number={}, 
pages={206-215}, 
keywords={application program interfaces;distributed memory systems;distributed programming;error detection;error handling;message passing;storage management;system recovery;MUST;crash-safe approach;message passing interface;distributed memory programming;usability extension;runtime MPI usage error detection tool;application developent;correctness check;MPI library;incorrect function call;operating system signal;fatal error;faulty memory access;signal handling;error handling;synchronous processing;bandwidth efficient communication;scalable propagation technique;SPEC MPI2007 benchmark suite;overhead measurement;application crash handling;Computer crashes;Runtime;Protocols;Bandwidth;Libraries;Operating systems;System recovery;MPI;crash safe;debugging;detection}, 
doi={10.1109/ICPPW.2014.37}, 
ISSN={0190-3918}, 
month={Sept},}


@INPROCEEDINGS{automaded-GBron, 
author={G. Bronevetsky and I. Laguna and S. Bagchi and B. R. de Supinski and D. H. Ahn and M. Schulz}, 
booktitle={2010 IEEE/IFIP International Conference on Dependable Systems Networks (DSN)}, 
title={AutomaDeD: Automata-based debugging for dissimilar parallel tasks}, 
year={2010}, 
volume={}, 
number={}, 
pages={231-240}, 
keywords={automata theory;parallel programming;program debugging;program diagnostics;AutomaDeD;MVAPICH;NAS parallel benchmarks;automata-based debugging;dissimilar parallel tasks;specific program execution point;Computer bugs;Debugging;Fault detection;Fault diagnosis;Government;Histograms;Interference;Large-scale systems;Protection;Timing}, 
doi={10.1109/DSN.2010.5544927}, 
ISSN={1530-0889}, 
month={June},}


@inproceedings{automaded-laguna,
 author = {Laguna, Ignacio and Gamblin, Todd and de Supinski, Bronis R. and Bagchi, Saurabh and Bronevetsky, Greg and Anh, Dong H. and Schulz, Martin and Rountree, Barry},
 title = {Large Scale Debugging of Parallel Tasks with AutomaDeD},
 booktitle = {Proceedings of 2011 International Conference for High Performance Computing, Networking, Storage and Analysis},
 series = {SC '11},
 year = {2011},
 isbn = {978-1-4503-0771-0},
 location = {Seattle, Washington},
 pages = {50:1--50:10},
 articleno = {50},
 numpages = {10},
 url = {http://doi.acm.org/10.1145/2063384.2063451},
 doi = {10.1145/2063384.2063451},
 acmid = {2063451},
 publisher = {ACM},
 address = {New York, NY, USA},
} 

@INPROCEEDINGS{stat, 
author={D. H. Ahn and B. R. de Supinski and I. Laguna and G. L. Lee and B. Liblit and B. P. Miller and M. Schulz}, 
booktitle={Proceedings of the Conference on High Performance Computing Networking, Storage and Analysis}, 
title={Scalable temporal order analysis for large scale debugging}, 
year={2009}, 
volume={}, 
number={}, 
pages={1-11}, 
keywords={application program interfaces;message passing;program control structures;program debugging;program diagnostics;AMG2006;MPI task classification;MPI tasks;STAT;anomalous application runs;benchmark codes;critical program execution points;data flow analysis techniques;dynamic analysis;dynamic data;injected faults;large scale debugging;lightweight techniques;logical program execution order;loop control variables;scalable stack trace analysis techniques;scalable temporal order analysis technique;stack trace analysis tool;static analysis techniques;static control structure;temporal order scalably;temporal ordering engine}, 
doi={10.1145/1654059.1654104}, 
ISSN={2167-4329}, 
month={Nov},}

@inproceedings{totalview,
 author = {Gottbrath, Chris and Thompson, Peter},
 title = {TotalView Tips and Tricks},
 booktitle = {Proceedings of the 2006 ACM/IEEE Conference on Supercomputing},
 series = {SC '06},
 year = {2006},
 isbn = {0-7695-2700-0},
 location = {Tampa, Florida},
 articleno = {9},
 url = {http://doi.acm.org/10.1145/1188455.1188465},
 doi = {10.1145/1188455.1188465},
 acmid = {1188465},
 publisher = {ACM},
 address = {New York, NY, USA},
}

@article{lamport,
 author = {Lamport, Leslie},
 title = {Time, Clocks, and the Ordering of Events in a Distributed System},
 journal = {Commun. ACM},
 issue_date = {July 1978},
 volume = {21},
 number = {7},
 month = jul,
 year = {1978},
 issn = {0001-0782},
 pages = {558--565},
 numpages = {8},
 url = {http://doi.acm.org/10.1145/359545.359563},
 doi = {10.1145/359545.359563},
 acmid = {359563},
 publisher = {ACM},
 address = {New York, NY, USA},
 keywords = {clock synchronization, computer networks, distributed systems, multiprocess systems},
} 


@inproceedings{parlot,
  author    = {Saeed Taheri and
               Sindhu Devale and
               Ganesh Gopalakrishnan and
               Martin Burtscher},
  title     = {Par{LOT}: Efficient Whole-Program Call Tracing for {HPC} Applications},
  booktitle = {Programming and Performance Visualization Tools - International Workshops,
               {ESPT} 2017 and {VPA} 2017, Denver, CO, USA, November 12 and 17, 2017,
               and {ESPT} 2018 and {VPA} 2018, Dallas, TX, USA, November 16 and 11,
               2018, Revised Selected Papers},
  pages     = {162--184},
  year      = {2018},
  url       = {https://doi.org/10.1007/978-3-030-17872-7\_10},
  doi       = {10.1007/978-3-030-17872-7\_10},
  timestamp = {Wed, 24 Apr 2019 14:34:48 +0200},
  biburl    = {https://dblp.org/rec/bib/conf/sc/TaheriDGB18},
  bibsource = {dblp computer science bibliography, https://dblp.org}
}


@article{beschastnikh-2016,
 author = {Beschastnikh, Ivan and Wang, Patty and Brun, Yuriy and Ernst, Michael D.},
 title = {Debugging Distributed Systems},
 journal = {Commun. ACM},
 issue_date = {August 2016},
 volume = {59},
 number = {8},
 month = jul,
 year = {2016},
 issn = {0001-0782},
 pages = {32--37},
 numpages = {6},
 url = {http://doi.acm.org/10.1145/2909480},
 doi = {10.1145/2909480},
 acmid = {2909480},
 publisher = {ACM},
 address = {New York, NY, USA},
}


@inproceedings{d3s,
 author = {Liu, Xuezheng and Guo, Zhenyu and Wang, Xi and Chen, Feibo and Lian, Xiaochen and Tang, Jian and Wu, Ming and Kaashoek, M. Frans and Zhang, Zheng},
 title = {D3S: Debugging Deployed Distributed Systems},
 booktitle = {Proceedings of the 5th USENIX Symposium on Networked Systems Design and Implementation},
 series = {NSDI'08},
 year = {2008},
 isbn = {111-999-5555-22-1},
 location = {San Francisco, California},
 pages = {423--437},
 numpages = {15},
 url = {http://dl.acm.org/citation.cfm?id=1387589.1387619},
 acmid = {1387619},
 publisher = {USENIX Association},
 address = {Berkeley, CA, USA},
}

@inproceedings{isp,
 author = {Vakkalanka, Sarvani S. and Sharma, Subodh and Gopalakrishnan, Ganesh and Kirby, Robert M.},
 title = {ISP: A Tool for Model Checking MPI Programs},
 booktitle = {Proceedings of the 13th ACM SIGPLAN Symposium on Principles and Practice of Parallel Programming},
 series = {PPoPP '08},
 year = {2008},
 isbn = {978-1-59593-795-7},
 location = {Salt Lake City, UT, USA},
 pages = {285--286},
 numpages = {2},
 url = {http://doi.acm.org/10.1145/1345206.1345258},
 doi = {10.1145/1345206.1345258},
 acmid = {1345258},
 publisher = {ACM},
 address = {New York, NY, USA},
 keywords = {dynamic partial order reduction, formal verification, model checking, mpi},
} 


@article{Alqadah2011,
author="Alqadah, Faris
and Bhatnagar, Raj",
title="Similarity measures in formal concept analysis",
journal="Annals of Mathematics and Artificial Intelligence",
year="2011",
month="Mar",
day="01",
volume="61",
number="3",
pages="245--256",
issn="1573-7470",
doi="10.1007/s10472-011-9257-7",
url="https://doi.org/10.1007/s10472-011-9257-7"
}

@inproceedings{cldm,
	address = {Berlin, Heidelberg},
	title = {Concept-{Based} {Data} {Mining} with {Scaled} {Labeled} {Graphs}},
	isbn = {978-3-540-27769-9},
	booktitle = {Conceptual {Structures} at {Work}},
	publisher = {Springer Berlin Heidelberg},
	author = {Ganter, Bernhard and Grigoriev, Peter A. and Kuznetsov, Sergei O. and Samokhin, Mikhail V.},
	editor = {Wolff, Karl Erich and Pfeiffer, Heather D. and Delugach, Harry S.},
	year = {2004},
	pages = {94--108}
}

@inproceedings{clml,
	address = {Berlin, Heidelberg},
	title = {Machine {Learning} and {Formal} {Concept} {Analysis}},
	isbn = {978-3-540-24651-0},
	booktitle = {Concept {Lattices}},
	publisher = {Springer Berlin Heidelberg},
	author = {Kuznetsov, Sergei O.},
	editor = {Eklund, Peter},
	year = {2004},
	pages = {287--312}
}

@book{patterns-for-par-prog-mattson, place={Boston}, title={Patterns for parallel programming}, publisher={Pearson Education}, author={Mattson, Timothy G. and Sanders, Beverly A. and Massingill, Berna}, year={2013}}

@misc{diffTraceMaterials, title={{IEEE} {C}luster'19 {DiffTrace} {M}aterial}, url={http://bit.ly/IEEECluster19-DiffTrace}}

@techreport{LULESH2:changes,
author = {Ian Karlin and Jeff Keasler and Rob Neely},
title = {LULESH 2.0 Updates and Changes},number = {LLNL-TR-641973},
location = {Livermore, CA},
pages = {1-9},
year = {2013},
month = {August}
}

@inproceedings{uintah,
  author    = {J. Davison de St. Germain and
               Steven G. Parker and
               John McCorquodale and
               Christopher R. Johnson},
  title     = {Uintah: {A} Massively Parallel Problem Solving Environment},
  booktitle = {Proceedings of the Ninth {IEEE} International Symposium on High Performance
               Distributed Computing, HPDC'00, Pittsburgh, Pennsylvania, USA, August
               1-4, 2000.},
  pages     = {33--42},
  year      = {2000},
  url       = {https://doi.org/10.1109/HPDC.2000.868632},
  doi       = {10.1109/HPDC.2000.868632},
  timestamp = {Wed, 24 May 2017 08:27:27 +0200},
  biburl    = {https://dblp.org/rec/bib/conf/hpdc/GermainPMJ00},
  bibsource = {dblp computer science bibliography, https://dblp.org}
}

@misc{otf2,
  author       = { {OTF2 Developer Community} },
  title        = {Open Trace Format Version 2 (OTF2)},
  month        = jul,
  year         = 2019,
  doi          = {10.5281/zenodo.3356709},
  url          = {https://doi.org/10.5281/zenodo.3356709}
}

@IEEEtranBSTCTL{IEEEexample:BSTcontrol,
  CTLdash_repeated_names = "no"
}